<?xml version="1.0" encoding="UTF-8"?><collection xmlns="http://www.loc.gov/MARC21/slim"><record><leader>00371nam--2200133-i-4500</leader><controlfield tag="001">000023556</controlfield><controlfield tag="002">20161230</controlfield><controlfield tag="005">20161230201035</controlfield><controlfield tag="008">060222s1000------------r-----000-0-eng-d</controlfield><datafield ind1=" " ind2=" " tag="080"><subfield code="a">543.53:669</subfield></datafield><datafield ind1=" " ind2=" " tag="100"><subfield code="a">Holzhey, J. Von Dr</subfield></datafield><datafield ind1=" " ind2=" " tag="245"><subfield code="a">Aktivierungsanalyse. anwendung in der metallurgie</subfield></datafield><datafield ind1=" " ind2=" " tag="260"><subfield code="a">Leipzig, Verlag Fur Grundstoffindustrie, 1974, 216/220p</subfield></datafield><datafield ind1=" " ind2=" " tag="852"><subfield code="a">43037</subfield></datafield></record></collection>